<record><leader>00000cas a2200000 a 4500</leader><controlfield tag="001">13412932</controlfield><controlfield tag="008">860409d19231930nbucr ne      0    0eng d</controlfield><datafield ind1=" " ind2=" " tag="010"><subfield code="a">sn 86063440 </subfield></datafield><datafield ind1=" " ind2=" " tag="040"><subfield code="a">KSH</subfield><subfield code="b">eng</subfield><subfield code="c">KSH</subfield><subfield code="d">NPT</subfield><subfield code="d">NVG</subfield><subfield code="d">OCL</subfield><subfield code="d">OCLCQ</subfield><subfield code="d">OCLCF</subfield><subfield code="d">OCLCO</subfield></datafield><datafield ind1="1" ind2=" " tag="029"><subfield code="a">AU@</subfield><subfield code="b">000022168240</subfield></datafield><datafield ind1=" " ind2=" " tag="042"><subfield code="a">msc</subfield></datafield><datafield ind1=" " ind2=" " tag="043"><subfield code="a">n-us-nb</subfield></datafield><datafield ind1="0" ind2=" " tag="130"><subfield code="a">North Platte tribune (North Platte, Neb. : 1923)</subfield></datafield><datafield ind1="1" ind2="4" tag="245"><subfield code="a">The North Platte tribune.</subfield></datafield><datafield ind1=" " ind2=" " tag="260"><subfield code="a">North Platte, Neb. :</subfield><subfield code="b">Wilson Tout,</subfield><subfield code="c">1923-1930.</subfield></datafield><datafield ind1=" " ind2=" " tag="300"><subfield code="a">v. :</subfield><subfield code="b">ill. ;</subfield><subfield code="c">54 cm.</subfield></datafield><datafield ind1=" " ind2=" " tag="310"><subfield code="a">Semiweekly</subfield></datafield><datafield ind1="0" ind2=" " tag="362"><subfield code="a">38th year, no. 103 (Jan. 2, 1923)-46th year, no. 78 (Sept. 30, 1930).</subfield></datafield><datafield ind1=" " ind2="0" tag="651"><subfield code="a">Lincoln County (Neb.)</subfield><subfield code="v">Newspapers.</subfield></datafield><datafield ind1=" " ind2="7" tag="655"><subfield code="a">Newspapers.</subfield><subfield code="2">fast</subfield><subfield code="0">(OCoLC)fst01423814</subfield></datafield><datafield ind1=" " ind2="7" tag="651"><subfield code="a">Nebraska</subfield><subfield code="z">Lincoln County.</subfield><subfield code="2">fast</subfield><subfield code="0">(OCoLC)fst01211911</subfield></datafield><datafield ind1=" " ind2=" " tag="752"><subfield code="a">United States</subfield><subfield code="b">Nebraska</subfield><subfield code="c">Lincoln</subfield><subfield code="d">North Platte.</subfield></datafield><datafield ind1="0" ind2="0" tag="780"><subfield code="t">North Platte semi-weekly tribune</subfield></datafield><datafield ind1="0" ind2="5" tag="780"><subfield code="t">Maxwell telepost</subfield></datafield><datafield ind1="0" ind2="0" tag="785"><subfield code="t">Lincoln County tribune (North Platte, Neb. : 1930)</subfield></datafield></record>